@article{duncan2020solubility,
  title={Solubility of Additive Sextic Forms over $\mathbb{Q}_2(\sqrt {-1})$ and $\mathbb{Q}_2(\sqrt{-5})$},
  author={Duncan, Drew and Leep, David B.},
  journal={To appear in Publ. Math. Debrecen, arXiv preprint arXiv:2005.09770},
  year={2020}
}

@article{duncan2020solubility_2,
  title={Solubility of Additive Forms of Twice Odd Degree over Quadratic Ramified Extensions of $\mathbb{Q}_2$},
  author={Duncan, Drew and Leep, David B.},
  journal={arXiv preprint arXiv:2010.06833},
  year={2020}
}

@ARTICLE{2020arXiv200509770D,
       author = {{Duncan}, Drew and {Leep}, David},
        title = "{Solubility of Additive Sextic Forms over $\mathbb{Q}_2(\sqrt{-1})$ and $\mathbb{Q}_2(\sqrt{-5})$}",
      journal = {To appear in Publ. Math. Debrecen, arXiv e-prints},
     keywords = {Mathematics - Number Theory},
         year = 2020,
        month = may,
          eid = {arXiv:2005.09770},
        pages = {arXiv:2005.09770},
archivePrefix = {arXiv},
       eprint = {2005.09770},
 primaryClass = {math.NT},
       adsurl = {https://ui.adsabs.harvard.edu/abs/2020arXiv200509770D},
      adsnote = {Provided by the SAO/NASA Astrophysics Data System}
}

@ARTICLE{2020arXiv201006833D,
       author = {{Duncan}, Drew and {Leep}, David B.},
        title = "{Solubility of Additive Forms of Twice Odd Degree over Ramified Quadratic Extensions of $\mathbb{Q}_2$}",
      journal = {arXiv e-prints},
     keywords = {Mathematics - Number Theory, 11D72, 11D88, 11E76},
         year = 2020,
        month = oct,
          eid = {arXiv:2010.06833},
        pages = {arXiv:2010.06833},
archivePrefix = {arXiv},
       eprint = {2010.06833},
 primaryClass = {math.NT},
       adsurl = {https://ui.adsabs.harvard.edu/abs/2020arXiv201006833D},
      adsnote = {Provided by the SAO/NASA Astrophysics Data System}
}

@article{knapp2016solubility,
  title={Solubility of additive sextic forms over ramified quadratic extensions of {$\mathbb{Q}_2$}},
  author={Knapp, M},
  journal={Publ. Math. Debrecen},
  volume={95},
  number={1--2},
  pages={67--91},
  year={2019}
}

@article{davenport1963homogeneous,
  AUTHOR = {Davenport, H. and Lewis, D. J.},
     TITLE = {Homogeneous additive equations},
   JOURNAL = {Proc. Roy. Soc. London Ser. A},
  FJOURNAL = {Proceedings of the Royal Society. London. Series A.
              Mathematical, Physical and Engineering Sciences},
    VOLUME = {274},
      YEAR = {1963},
     PAGES = {443--460},
      ISSN = {0962-8444},
   MRCLASS = {10.17},
  MRNUMBER = {153655},
MRREVIEWER = {W. J. LeVeque},
       DOI = {10.1098/rspa.1963.0143},
       URL = {https://doi.org/10.1098/rspa.1963.0143},
}

@book{ArtinEmil1965Cp,
publisher = {Addison-Wesley Pub. Co},
year = {1965},
title = {Collected papers.},
language = {eng;eng;ger},
address = {Reading, Mass.},
author = {Artin, Emil},
keywords = {Mathematics},
lccn = {65014746},
}

@article {MR197450,
    AUTHOR = {Terjanian, Guy},
     TITLE = {Un contre-exemple \`a une conjecture d'{A}rtin},
   JOURNAL = {C. R. Acad. Sci. Paris S\'{e}r. A-B},
  FJOURNAL = {Comptes Rendus Hebdomadaires des S\'{e}ances de l'Acad\'{e}mie des
              Sciences. S\'{e}ries A et B},
    VOLUME = {262},
      YEAR = {1966},
     PAGES = {A612},
      ISSN = {0151-0509},
   MRCLASS = {12.30 (10.14)},
  MRNUMBER = {197450},
MRREVIEWER = {E. Weiss},
}

@book{greenberg1969lectures,
      AUTHOR = {Greenberg, Marvin J.},
     TITLE = {Lectures on forms in many variables},
 PUBLISHER = {W. A. Benjamin, Inc., New York-Amsterdam},
      YEAR = {1969},
     PAGES = {v+167},
   MRCLASS = {10.10 (12.00)},
  MRNUMBER = {0241358},
MRREVIEWER = {S. S. Shatz},
}

@book {MR2104929,
    AUTHOR = {Lam, T. Y.},
     TITLE = {Introduction to quadratic forms over fields},
    SERIES = {Graduate Studies in Mathematics},
    VOLUME = {67},
 PUBLISHER = {American Mathematical Society, Providence, RI},
      YEAR = {2005},
     PAGES = {xxii+550},
      ISBN = {0-8218-1095-2},
   MRCLASS = {11Exx},
  MRNUMBER = {2104929},
MRREVIEWER = {K. Szymiczek},
}

@article {leep2018diagonal,
    AUTHOR = {Leep, David B. and Sordo Vieira, Luis},
     TITLE = {Diagonal equations over unramified extensions of {$\Bbb Q_p$}},
   JOURNAL = {Bull. Lond. Math. Soc.},
  FJOURNAL = {Bulletin of the London Mathematical Society},
    VOLUME = {50},
      YEAR = {2018},
    NUMBER = {4},
     PAGES = {619--634},
      ISSN = {0024-6093},
   MRCLASS = {11D88 (11D72 11E76)},
  MRNUMBER = {3870946},
MRREVIEWER = {Michael P. Knapp},
       DOI = {10.1112/blms.12163},
       URL = {https://doi.org/10.1112/blms.12163},
}

@book {MR1697859,
    AUTHOR = {Neukirch, J\"{u}rgen},
     TITLE = {Algebraic number theory},
    SERIES = {Grundlehren der Mathematischen Wissenschaften [Fundamental
              Principles of Mathematical Sciences]},
    VOLUME = {322},
      NOTE = {Translated from the 1992 German original and with a note by
              Norbert Schappacher,
              With a foreword by G. Harder},
 PUBLISHER = {Springer-Verlag, Berlin},
      YEAR = {1999},
     PAGES = {xviii+571},
      ISBN = {3-540-65399-6},
   MRCLASS = {11Rxx (11-02 11S15 11S31 14C40)},
  MRNUMBER = {1697859},
MRREVIEWER = {Cornelius Greither},
       DOI = {10.1007/978-3-662-03983-0},
       URL = {https://doi.org/10.1007/978-3-662-03983-0},
}

@book{vinogradov2016elements,
  title={Elements of number theory},
  author={Vinogradov, Ivan Matveevich},
  year={2016},
  publisher={Courier Dover Publications}
}